<record><leader>00000cas a22000007a 4500</leader><controlfield tag="001">47236367</controlfield><controlfield tag="008">010703d19051983sduwr ne      0    0eng d</controlfield><datafield ind1=" " ind2=" " tag="010"><subfield code="a">sn2001063519</subfield></datafield><datafield ind1=" " ind2=" " tag="040"><subfield code="a">SXN</subfield><subfield code="b">eng</subfield><subfield code="c">SXN</subfield><subfield code="d">OCLCF</subfield><subfield code="d">OCLCO</subfield></datafield><datafield ind1="1" ind2=" " tag="029"><subfield code="a">AU@</subfield><subfield code="b">000026090927</subfield></datafield><datafield ind1=" " ind2=" " tag="042"><subfield code="a">msc</subfield></datafield><datafield ind1=" " ind2=" " tag="043"><subfield code="a">n-us-sd</subfield></datafield><datafield ind1="0" ind2=" " tag="130"><subfield code="a">Gary inter-state (Gary, S.D. : 1905)</subfield></datafield><datafield ind1="0" ind2="4" tag="245"><subfield code="a">The Gary inter-state.</subfield></datafield><datafield ind1=" " ind2=" " tag="260"><subfield code="a">Gary, Deuel County, S.D. :</subfield><subfield code="b">Otto P. Lund,</subfield></datafield><datafield ind1=" " ind2=" " tag="300"><subfield code="a">v.</subfield></datafield><datafield ind1=" " ind2=" " tag="310"><subfield code="a">Weekly</subfield></datafield><datafield ind1="0" ind2=" " tag="362"><subfield code="a">Vol. 27, no. 11(Jan. 6, 1905)-v. 105, no. 47(July 20, 1983).</subfield></datafield><datafield ind1=" " ind2=" " tag="530"><subfield code="a">Available on microfilm from: State Archives, South Dakota State Historical Society.</subfield></datafield><datafield ind1=" " ind2="0" tag="651"><subfield code="a">Gary (S.D.)</subfield><subfield code="v">Newspapers.</subfield></datafield><datafield ind1=" " ind2="0" tag="651"><subfield code="a">Deuel County (S.D.)</subfield><subfield code="v">Newspapers.</subfield></datafield><datafield ind1=" " ind2="7" tag="655"><subfield code="a">Newspapers.</subfield><subfield code="2">fast</subfield><subfield code="0">(OCoLC)fst01423814</subfield></datafield><datafield ind1=" " ind2="7" tag="651"><subfield code="a">South Dakota</subfield><subfield code="z">Deuel County.</subfield><subfield code="2">fast</subfield><subfield code="0">(OCoLC)fst01206422</subfield></datafield><datafield ind1=" " ind2="7" tag="651"><subfield code="a">South Dakota</subfield><subfield code="z">Gary.</subfield><subfield code="2">fast</subfield><subfield code="0">(OCoLC)fst01306156</subfield></datafield><datafield ind1=" " ind2=" " tag="752"><subfield code="a">United States</subfield><subfield code="b">South Dakota</subfield><subfield code="c">Deuel</subfield><subfield code="d">Gary.</subfield></datafield><datafield ind1="0" ind2="0" tag="780"><subfield code="t">Inter-state (Gary, S.D. : 1901)</subfield><subfield code="w">(DLC)sn 200163520</subfield></datafield><datafield ind1="0" ind2="0" tag="785"><subfield code="t">The new Gary interstate</subfield><subfield code="w">(DLC)sn 200163518</subfield></datafield></record>